@book{sears1986fisica,
	title={F{\'\i}sica universitaria},
	author={Sears, Francis Weston and Zemansky, Mark Waldo and Young, Hugh D and Vara, Rodolfo Hern{\'a}ndez and Garc{\'\i}a, Mercedes Garc{\'\i}a and G{\"u}mes, Edualdo Rubio and Cook, Patricio Martens and Benites, Fabio Gonzal{\'e}z},
	number={530.076 530.076 S4F5 1986 S43F5 1986 QC23 S45 1986},
	year={1986},
	publisher={Fondo Educativo Interamericano}
}
@article{tecalco2021aproximacion,
	title={Aproximaci{\'o}n del valor de la aceleraci{\'o}n de la gravedad en la colonia el Rosario, Azcapotzalco CDMX a trav{\'e}s de un p{\'e}ndulo simple casero.},
	author={Tecalco, Jaime William Flores},
	journal={Journal de Objetos y Objetivos Matem{\'a}ticos N{\'u}mero 4. Enero-Junio de 2021},
	pages={24},
	year={2021}
}
@article{lange2012gravitacion,
	title={?` La gravitaci{\'o}n terrestre, un misterio?},
	author={Lange, Kurt and Gerhardt Fries, Ronald},
	journal={Universidad, Ciencia y Tecnolog{\'\i}a},
	volume={16},
	number={64},
	pages={181--189},
	year={2012},
	publisher={Universidad Nacional Experimental Polit{\'e}cnica" Antonio Jos{\'e} de Sucre~â€¦}
}
@article{rendon2021sistema,
	title={Sistema de conteo y reconocimiento de objetos con RNAs.},
	author={Rend{\'o}n, Marcos Fajardo},
	journal={Journal de Objetos y Objetivos Matem{\'a}ticos N{\'u}mero 4. Enero-Junio de 2021},
	pages={19},
	year={2021}
}
@article{cespedesprimer,
	title={El primer experimento de Galileo Galilei.},
	author={C{\'e}spedes, Francisco D{\'\i}az}
}
